@article{do2022document,
  title = {Document Analysis and Recognition: A survey},
  author = {Do, T. H. and Le, T.},
  journal = {arXiv preprint arXiv:2203.00339},
  year = {2022}
}

@book{goodfellow2016deep,
  title = {Deep Learning},
  author = {Goodfellow, Ian and Bengio, Yoshua and Courville, Aaron},
  publisher = {MIT Press},
  year = {2016}
}

@article{lecun1998gradient,
  title = {Gradient-Based Learning Applied to Document Recognition},
  author = {LeCun, Yann and Bottou, Léon and Bengio, Yoshua and Haffner, Patrick},
  journal = {Proceedings of the IEEE},
  volume = {86},
  number = {11},
  pages = {2278--2324},
  year = {1998}
}

@inproceedings{brown2020language,
  title = {Language Models are Few-Shot Learners},
  author = {Brown, Tom B. and Mann, Benjamin and Ryder, Nick and Subbiah, Melanie and Kaplan, Jared and Dhariwal, Prafulla and Neelakantan, Arvind and others},
  booktitle = {Advances in Neural Information Processing Systems},
  volume = {33},
  year = {2020}
}

@misc{marketingdigitalconsulting2024,
  title = {Beneficios de usar asistentes basados en inteligencia artificial},
  author = {{Marketing Digital Consulting}},
  year = {2024},
  howpublished = {\url{https://marketingdigitalconsulting.com/beneficios-de-usar-asistentes-basados-en-ia/}}
}

@misc{tidio2024,
  title = {Asistentes de inteligencia artificial: qué son y cómo usarlos},
  author = {{Tidio}},
  year = {2024},
  howpublished = {\url{https://www.tidio.com/es/blog/asistentes-inteligencia-artificial/}}
}

@misc{botpress2024,
  title = {Qué es un asistente de inteligencia artificial y cómo funciona},
  author = {{Botpress}},
  year = {2024},
  howpublished = {\url{https://botpress.com/es/blog/what-is-an-ai-assistant}}
}

@misc{dian2024,
  title = {Guía de Facturación Electrónica y Automatización Contable en Colombia},
  author = {{DIAN}},
  year = {2024},
  howpublished = {\url{https://www.dian.gov.co/}}
}

@misc{portafolio2024,
  title = {Cómo la inteligencia artificial está transformando la contabilidad empresarial en Colombia},
  author = {{Portafolio}},
  year = {2024},
  howpublished = {\url{https://www.portafolio.co/}}
}

@misc{actualicese2025,
  title = {Automatización contable y uso de IA en procesos de facturación electrónica},
  author = {{Actualícese}},
  year = {2025},
  howpublished = {\url{https://actualicese.com/}}
}